@manual{ns3,
  author={{NS3}},
  title={http://www.nsnam.org.}
}

@manual{openflow,
  author={{OpenFlow Home Page}},
  title={http://www.openflow.org.}
}

@manual{onf,
  author={{Open Networking Foundation Home Page}},
  title={https://www.opennetworking.org.}
}


@manual{mininet,
  author={{Mininet Home Page}},
  title={https://mininet.github.com.}
}

@manual{amazon,
  author={{AWS Home Page}},
  title={http://aws.amazon.com.}
}

@manual{openstack,
  author={{Openstack Home Page}},
  title={http://www.openstack.org.}
}

@manual{scp,
  author={{IBM Smart Cloud Provisioning Home Page}},
  title={http://www-01.ibm.com/software/tivoli/products /smartcloud-provisioning.}
}

@manual{pox,
  author={{POX Home Page}},
  title={http://ww.noxrepo.org.}
}

@manual{baldonado,
  author={{O. Baldonado, SDN, OpenFlow, and next-generation data center networks}},
  title={http://www.eetimes.com/design/embedded/43715 43/SDN--OpenFlow--and-next-generation-data-center-networks.}
}


@article{ibmnec,
  title={IBM and NEC Bring SDN/OpenFlow to Enterprise Data Center Networks},
  author={Oltsik, J. and Laliberte, B.}
}


@article{cloudsim,
  title={CloudSim: A Toolkit for Modeling and Simulation of Cloud Computing
Environments and Evaluation of Resource Provisioning Algorithms},
  author={Calheiros, N. and Ranjan, R. and Beloglazov, A. and De Rose, C.A.F. and Buyya, R.},
  journal={Software: Practice and Experience},
  volume={41},
  number={1},
  pages={23--50},
  year={2011},
  publisher={Wiley Press}
}

@inproceedings{cloudsim2,
  title={NetworkCloudSim: Modelling Parallel Applications in Cloud Simulations},
  author={Garg, K. and Buyya, R.},
  booktitle={Internation Conference on Utility and Cloud Computing},
  year={2011},
  organization={IEEE}
}


@inproceedings{dc_arch,
  title={A Comparative Study of Data Center Network Architectures},
  author={Bilal, K. and Khan, S.U. and Kolodziej, J. and Zhang, L. and Hayat, K. and Madani, S.A. and Min-Allah, N. and Wang, L. and Chen, D.},
  booktitle={European Conference on Modelling and Simulation},
  year={2012}
}



@inproceedings{box,
  title={Internet-in-a-box: Emulating Datacenter Network Architectures using FPGA's},
  author={Ellithorpe, J.D. and Tan, Z. and Katz, R.H.},
  booktitle={Design Automation Conference},
  year={2009},
  organization={ACM/IEEE}
}


@inproceedings{of_virtual,
  title={An OpenFlow based Network Virtualization Framework for the Cloud},
  author={Matia, J. and Jacob, E. and Sanchez, D. and Demchenko, Y.},
  booktitle={International Conference on Coud Computing Technology and Science},
  year={2011},
  organization={IEEE}
}

@inproceedings{hedera,
  title={Hedera: Dynamic Flow Scheduling for Data Center Networks},
  author={Al-Fares, M. and Radhakrishnan, S. and Raghavan, B. and Huang, N. and Vahdat, A.},
  booktitle={NSDI},
  year={2010},
  organization={ACM}
}


@inproceedings{graph_query,
  title={Dynamic Graph Query Primitives for SDN-based Cloud Network Management},
  author={Raghavendra, R. and Lobo, J. and Lee, K.W.},
  booktitle={HotSDN},
  year={2012},
  organization={ACM}
}

@inproceedings{nox_dc,
  title={Applying NOX to the Datacenter},
  author={Tavakoli, A. and Casado, M. and Koponen, T. and Shenker, S.},
  booktitle={HotNets},
  year={2009},
  organization={ACM}
}


@article{icancloud,
  title={iCanCloud: A Flexible and Scalable Cloud Infrastructure Simulator},
  author={Nunez, A. and Vázquez-Poletti, J.L. and Caminero, A.C. and Castañé, G.G. and Carretero, J. and Llorente, I.M.},
  journal={Journal of Grid Computing},
  year={2012},
  publisher={Springer}
}

@article{meridian,
  title={Meridian: An SDN Platform for Cloud Network Services},
  author={Banikazemi, M. and Olshefski, D. and Shaikh, A. and Tracey, J. and Wang, G.},
  journal={Communications Magazine},
  year={2013},
  publisher={IEEE}
}

@article{groudsim,
  title={GroudSim: An Event-Based Simulation Framework for Computational Grids and Clouds},
  author={Ostermann, S. and Plankensteiner, K. and Prodan, R. and Fahringer, T.},
  journal={Euro-Par 2010 Parallel Processing Workshops},
  year={2011},
  publisher={Springer}
}

@inproceedings{im2013,
  title={Effective Resource Control Strategies using OpenFlow in Cloud Data Center},
  author={Adami, D. and Martini, B. and Antichi, G. and Giordano, S. and Gharbaoui, M. and Castoldi, P.},
  booktitle={International Symposium on Integrated Network Management},
  year={2013},
  organization={IEEE/IFIP}
}


@inproceedings{greencloud,
  title={Greencloud: A Packet-Level Simulator of Energy-Aware Cloud Computing Data Centers},
  author={Kliazovich, D. and Bouvry, P. and Khan, S.U.},
  booktitle={Globecom},
  year={2010},
  organization={IEEE}
}

@article{gitg,
 title={A tool for the generation of realistic network workload for emerging networking scenarios},
 author={A. Dainotti, A. Botta, A. Pescapè},
 journal={Computer Networks (Elsevier), 2012, Volume 56, Issue 15, pp 3531-3547},
 year={2012},
 publisher={Elsevier}
}